|j|☆Spasticwire
|j|☆R3X
|t:|1644162366
|gametype|singles
|player|p1|Spasticwire|266|1001
|player|p2|R3X|101|1040
|teamsize|p1|6
|teamsize|p2|6
|gen|5
|tier|[Gen 5] OU
|rated|
|rule|Species Clause: Limit one of each Pokémon
|rule|OHKO Clause: OHKO moves are banned
|rule|Moody Clause: Moody is banned
|rule|Evasion Moves Clause: Evasion moves are banned
|rule|Endless Battle Clause: Forcing endless battles is banned
|rule|HP Percentage Mod: HP is shown in percentages
|rule|Evasion Abilities Clause: Evasion abilities are banned
|rule|Sleep Clause: Sleep-inducing moves are banned
|rule|Swagger Clause: Swagger is banned
|clearpoke
|poke|p1|Ferrothorn, M|item
|poke|p1|Gliscor, M|item
|poke|p1|Breloom, M|item
|poke|p1|Cloyster, F|item
|poke|p1|Hydreigon, F|item
|poke|p1|Infernape, M|item
|poke|p2|Landorus-Therian, M|item
|poke|p2|Rotom-Wash|item
|poke|p2|Scizor, F|item
|poke|p2|Espeon, F|item
|poke|p2|Infernape, M|item
|poke|p2|Jolteon, F|item
|teampreview
|
|t:|1644162379
|start
|switch|p1a: Hydreigon|Hydreigon, F|100/100
|switch|p2a: Infernape|Infernape, M|100/100
|turn|1
|
|t:|1644162393
|move|p2a: Infernape|Stealth Rock|p1a: Hydreigon
|-sidestart|p1: Spasticwire|move: Stealth Rock
|move|p1a: Hydreigon|Surf|p2a: Infernape
|-supereffective|p2a: Infernape
|-enditem|p2a: Infernape|Focus Sash
|-damage|p2a: Infernape|1/100
|-damage|p1a: Hydreigon|91/100|[from] item: Life Orb
|
|upkeep
|turn|2
|
|t:|1644162408
|move|p2a: Infernape|Close Combat|p1a: Hydreigon
|-supereffective|p1a: Hydreigon
|-damage|p1a: Hydreigon|0 fnt
|-unboost|p2a: Infernape|def|1
|-unboost|p2a: Infernape|spd|1
|faint|p1a: Hydreigon
|
|upkeep
|
|t:|1644162417
|switch|p1a: Infernape|Infernape, M|100/100
|-damage|p1a: Infernape|88/100|[from] Stealth Rock
|turn|3
|
|t:|1644162425
|switch|p2a: Espeon|Espeon, F|100/100
|move|p1a: Infernape|Mach Punch|p2a: Espeon
|-resisted|p2a: Espeon
|-damage|p2a: Espeon|81/100
|
|-heal|p2a: Espeon|87/100|[from] item: Leftovers
|upkeep
|turn|4
|-message|Spasticwire forfeited.
|
|win|R3X
|raw|Spasticwire's rating: 1001 &rarr; <strong>1000</strong><br />(-1 for losing)
|raw|R3X's rating: 1040 &rarr; <strong>1070</strong><br />(+30 for winning)
|l|☆Spasticwire
